% Bibliograf√≠a da revista.
% :FACER: merece a pena ser tiquismiquis co formato desto? Usar bibtool?

@Misc{entrada1,
  Title  = {Apuntes de algo},
  Author = {Unha persoa},
  Year   = 2016,
  DOI    = {10.1000/1000-0000/AAAAAA}
}
